@article{chenjinhua,
  author  = {程金华},
  title   = {法院"案多人少"的跨国比较——对美国、日本和中国的实证分析},
  journal = {社会科学辑刊},
  year    = {2022},
  volume  = {},
  number  = {5},
  pages   = {72-84},
  month   = {9}
}
@article{xiao2018cail2018,
  title   = {Cail2018: A large-scale legal dataset for judgment prediction},
  author  = {Xiao, Chaojun and Zhong, Haoxi and Guo, Zhipeng and Tu, Cunchao and Liu, Zhiyuan and Sun, Maosong and Feng, Yansong and Han, Xianpei and Hu, Zhen and Wang, Heng and others},
  journal = {arXiv preprint arXiv:1807.02478},
  year    = {2018}
}
@article{xu2020distinguish,
  title   = {Distinguish confusing law articles for legal judgment prediction},
  author  = {Xu, Nuo and Wang, Pinghui and Chen, Long and Pan, Li and Wang, Xiaoyan and Zhao, Junzhou},
  journal = {arXiv preprint arXiv:2004.02557},
  year    = {2020}
}
@article{yang2019legal,
  title   = {Legal judgment prediction via multi-perspective bi-feedback network},
  author  = {Yang, Wenmian and Jia, Weijia and Zhou, Xiaojie and Luo, Yutao},
  journal = {arXiv preprint arXiv:1905.03969},
  year    = {2019}
}
@article{chen2013text,
  title     = {A text mining approach to assist the general public in the retrieval of legal documents},
  author    = {Chen, Yen-Liang and Liu, Yi-Hung and Ho, Wu-Liang},
  journal   = {Journal of the American Society for Information Science and Technology},
  volume    = {64},
  number    = {2},
  pages     = {280--290},
  year      = {2013},
  publisher = {Wiley Online Library}
}
@article{ye2018interpretable,
  title   = {Interpretable charge predictions for criminal cases: Learning to generate court views from fact descriptions},
  author  = {Ye, Hai and Jiang, Xin and Luo, Zhunchen and Chao, Wenhan},
  journal = {arXiv preprint arXiv:1802.08504},
  year    = {2018}
}
@inproceedings{teng2021argumentation,
  title     = {Argumentation-Driven Evidence Association in Criminal Cases},
  author    = {Teng, Yefei and Chao, Wenhan},
  booktitle = {Findings of the Association for Computational Linguistics: EMNLP 2021},
  pages     = {2997--3001},
  year      = {2021}
}
@article{rosvall2008maps,
  author    = {Rosvall, Martin and Bergstrom, Carl T},
  journal   = {Proceedings of the National Academy of Sciences},
  number    = {4},
  pages     = {1118--1123},
  publisher = {National Acad Sciences},
  title     = {Maps of random walks on complex networks reveal community structure},
  volume    = {105},
  year      = {2008}
}
@inproceedings{kim2014legal,
  title        = {Legal question answering using ranking svm and syntactic/semantic similarity},
  author       = {Kim, Mi-Young and Xu, Ying and Goebel, Randy},
  booktitle    = {JSAI International Symposium on Artificial Intelligence},
  pages        = {244--258},
  year         = {2014},
  organization = {Springer}
}
@inproceedings{carvalho2015lexical,
  title        = {Lexical-morphological modeling for legal text analysis},
  author       = {Carvalho, Danilo S and Nguyen, Minh-Tien and Tran, Chien-Xuan and Nguyen, Minh-Le},
  booktitle    = {JSAI International Symposium on Artificial Intelligence},
  pages        = {295--311},
  year         = {2015},
  organization = {Springer}
}
@inproceedings{zhong2018legal,
  title     = {Legal judgment prediction via topological learning},
  author    = {Zhong, Haoxi and Guo, Zhipeng and Tu, Cunchao and Xiao, Chaojun and Liu, Zhiyuan and Sun, Maosong},
  booktitle = {Proceedings of the 2018 Conference on Empirical Methods in Natural Language Processing},
  pages     = {3540--3549},
  year      = {2018}
}
@inproceedings{feng2022legal,
  title     = {Legal Judgment Prediction via Event Extraction with Constraints},
  author    = {Feng, Yi and Li, Chuanyi and Ng, Vincent},
  booktitle = {Proceedings of the 60th Annual Meeting of the Association for Computational Linguistics (Volume 1: Long Papers)},
  pages     = {648--664},
  year      = {2022}
}
@article{chao2019interpretable,
  title   = {Interpretable charge prediction for criminal cases with dynamic rationale attention},
  author  = {Chao, Wenhan and Jiang, Xin and Luo, Zhunchen and Hu, Yakun and Ma, Wenjia},
  journal = {Journal of Artificial Intelligence Research},
  volume  = {66},
  pages   = {743--764},
  year    = {2019}
}
@article{panziqiang,
  author  = {潘自强 and 邵新},
  title   = {裁判文书说理:内涵界定与原则遵循},
  journal = {法治研究},
  year    = {2018},
  volume  = {},
  number  = {4},
  pages   = {99-107},
  month   = {1}
}
@article{devlin2018bert,
  title   = {Bert: Pre-training of deep bidirectional transformers for language understanding},
  author  = {Devlin, Jacob and Chang, Ming-Wei and Lee, Kenton and Toutanova, Kristina},
  journal = {arXiv preprint arXiv:1810.04805},
  year    = {2018}
}
@article{chen2016enhanced,
  title   = {Enhanced LSTM for natural language inference},
  author  = {Chen, Qian and Zhu, Xiaodan and Ling, Zhenhua and Wei, Si and Jiang, Hui and Inkpen, Diana},
  journal = {arXiv preprint arXiv:1609.06038},
  year    = {2016}
}
@inproceedings{reimers2019classification,
  title     = {Classification and Clustering of Arguments with Contextualized Word Embeddings},
  author    = {Reimers, Nils and Schiller, Benjamin and Beck, Tilman and Daxenberger, Johannes and Stab, Christian and Gurevych, Iryna},
  booktitle = {Proceedings of the 57th Annual Meeting of the Association for Computational Linguistics},
  pages     = {567--578},
  year      = {2019}
}

@article{luo2017learning,
  title   = {Learning to predict charges for criminal cases with legal basis},
  author  = {Luo, Bingfeng and Feng, Yansong and Xu, Jianbo and Zhang, Xiang and Zhao, Dongyan},
  journal = {arXiv preprint arXiv:1707.09168},
  year    = {2017}
}

@inproceedings{hu2018few,
  title     = {Few-shot charge prediction with discriminative legal attributes},
  author    = {Hu, Zikun and Li, Xiang and Tu, Cunchao and Liu, Zhiyuan and Sun, Maosong},
  booktitle = {Proceedings of the 27th International Conference on Computational Linguistics},
  pages     = {487--498},
  year      = {2018}
}

@article{lin2012exploiting,
  title   = {Exploiting machine learning models for chinese legal documents labeling, case classification, and sentencing prediction},
  author  = {Lin, Wan-Chen and Kuo, Tsung-Ting and Chang, Tung-Jia and Yen, Chueh-An and Chen, Chao-Ju and Lin, Shou-de},
  journal = {Processdings of ROCLING},
  volume  = {17},
  number  = {4},
  pages   = {140},
  year    = {2012}
}

@inproceedings{liu2005classifying,
  title        = {Classifying criminal charges in chinese for web-based legal services},
  author       = {Liu, Chao-Lin and Liao, Ting-Ming},
  booktitle    = {Asia-pacific web conference},
  pages        = {64--75},
  year         = {2005},
  organization = {Springer}
}

@article{liu2015predicting,
  title     = {Predicting associated statutes for legal problems},
  author    = {Liu, Yi-Hung and Chen, Yen-Liang and Ho, Wu-Liang},
  journal   = {Information Processing \& Management},
  volume    = {51},
  number    = {1},
  pages     = {194--211},
  year      = {2015},
  publisher = {Elsevier}
}
@inproceedings{wang2019hierarchical,
  title     = {Hierarchical matching network for crime classification},
  author    = {Wang, Pengfei and Fan, Yu and Niu, Shuzi and Yang, Ze and Zhang, Yongfeng and Guo, Jiafeng},
  booktitle = {proceedings of the 42nd international ACM SIGIR conference on research and development in information retrieval},
  pages     = {325--334},
  year      = {2019}
}
@inproceedings{wu2020biased,
  title={De-biased court’s view generation with causality},
  author={Wu, Yiquan and Kuang, Kun and Zhang, Yating and Liu, Xiaozhong and Sun, Changlong and Xiao, Jun and Zhuang, Yueting and Si, Luo and Wu, Fei},
  booktitle={Proceedings of the 2020 Conference on Empirical Methods in Natural Language Processing (EMNLP)},
  pages={763--780},
  year={2020}
}
@inproceedings{feng2022legalSurvey,
  title={Legal Judgment Prediction: A Survey of the State of the Art},
  author={Feng, Yi and Li, Chuanyi and Ng, Vincent},
  booktitle={Proceedings of the Thirty-First International Joint Conference on Artificial Intelligence, IJCAI-22},
  pages={5461--5469},
  year={2022}
}
@article{cui2022survey,
  title={A Survey on Legal Judgment Prediction: Datasets, Metrics, Models and Challenges},
  author={Cui, Junyun and Shen, Xiaoyu and Nie, Feiping and Wang, Zheng and Wang, Jinglong and Chen, Yulong},
  journal={arXiv preprint arXiv:2204.04859},
  year={2022}
}
@inproceedings{liu2021interpretable,
  title={Interpretable Charge Prediction for Legal Cases based on Interdependent Legal Information},
  author={Liu, Liting and Zhang, Wenzheng and Liu, Jie and Shi, Wenxuan and Huang, Yalou},
  booktitle={2021 International Joint Conference on Neural Networks (IJCNN)},
  pages={1--8},
  year={2021},
  organization={IEEE}
}
@article{mnih2013playing,
  title={Playing atari with deep reinforcement learning},
  author={Mnih, Volodymyr and Kavukcuoglu, Koray and Silver, David and Graves, Alex and Antonoglou, Ioannis and Wierstra, Daan and Riedmiller, Martin},
  journal={arXiv preprint arXiv:1312.5602},
  year={2013}
}
@article{bibal2021legal,
  title={Legal requirements on explainability in machine learning},
  author={Bibal, Adrien and Lognoul, Michael and De Streel, Alexandre and Fr{\'e}nay, Beno{\^\i}t},
  journal={Artificial Intelligence and Law},
  volume={29},
  number={2},
  pages={149--169},
  year={2021},
  publisher={Springer}
}
@article{xiao2021lawformer,
  title={Lawformer: A pre-trained language model for chinese legal long documents},
  author={Xiao, Chaojun and Hu, Xueyu and Liu, Zhiyuan and Tu, Cunchao and Sun, Maosong},
  journal={AI Open},
  volume={2},
  pages={79--84},
  year={2021},
  publisher={Elsevier}
}
@inproceedings{yue2021neurjudge,
  title={NeurJudge: a circumstance-aware neural framework for legal judgment prediction},
  author={Yue, Linan and Liu, Qi and Jin, Binbin and Wu, Han and Zhang, Kai and An, Yanqing and Cheng, Mingyue and Yin, Biao and Wu, Dayong},
  booktitle={Proceedings of the 44th International ACM SIGIR Conference on Research and Development in Information Retrieval},
  pages={973--982},
  year={2021}
}
@inproceedings{dong2021legal,
  title={Legal judgment prediction via relational learning},
  author={Dong, Qian and Niu, Shuzi},
  booktitle={Proceedings of the 44th International ACM SIGIR Conference on Research and Development in Information Retrieval},
  pages={983--992},
  year={2021}
}